<?xml version="1.0" encoding="UTF-8"?><collection xmlns="http://www.loc.gov/MARC21/slim"><record><leader>00398nam--2200133-i-4500</leader><controlfield tag="001">000010399</controlfield><controlfield tag="002">20161230</controlfield><controlfield tag="005">20161230201028</controlfield><controlfield tag="008">060222s1000------------r-----000-0-eng-d</controlfield><datafield ind1=" " ind2=" " tag="080"><subfield code="a">519.2:330.322</subfield></datafield><datafield ind1=" " ind2=" " tag="100"><subfield code="a">Bancila, Ion Si Alfar, Moise</subfield></datafield><datafield ind1=" " ind2=" " tag="245"><subfield code="a">Metode moderne de planificare a investitiilor industriale</subfield></datafield><datafield ind1=" " ind2=" " tag="260"><subfield code="a">Bucuresti, Inst.Central De Documentare Tehni- Ca, 1972. 110 P</subfield></datafield><datafield ind1=" " ind2=" " tag="852"><subfield code="a">37691</subfield></datafield></record></collection>